% This file was created with JabRef 2.9b2.
% Encoding: ISO8859_1


@article{cem,
  author = {US Army Corps of Engineers},
  title  = {Coastal Engineering Manual},
  year   = {2011},
  pages  = {VI\-5\-i -- Vi\-5\-158}
}

@mastersthesis{MScRomano,
  author = {Kersten, M. K.},
  title  = {Master plan Porto Romano Bay, Albania},
  year   = {2010},
  school = {Technical University of Delft}
}
